@article{nguyen2018development,
  title={Development of an insect-inspired hexapod robot actuated by soft actuators},
  author={Nguyen, Canh Toan and Phung, Hoa and Hoang, Phi Tien and Nguyen, Tien Dat and Jung, Hosang and Choi, Hyouk Ryeol},
  journal={Journal of Mechanisms and Robotics},
  volume={10},
  number={6},
  year={2018},
  publisher={American Society of Mechanical Engineers Digital Collection}
}

@article{nhu2019effects,
  title={Effects of nutrient supply and nutrient ratio on diversity--productivity relationships of phytoplankton in the Cau Hai lagoon, Vietnam},
  author={Nhu Y, Dang Thi and Hoang, Nguyen Tien and Lieu, Pham Khac and Harada, Hidenori and Brion, Natacha and Hieu, Duong Van and Hop, Nguyen Van and Olde Venterink, Harry},
  journal={Ecology and evolution},
  volume={9},
  number={10},
  pages={5950--5962},
  year={2019},
  publisher={Wiley Online Library}
}

@Online {intro_ble_gatt,
  title = {Intro to Bluetooth Generic Attribute Profile (GATT)},
  date = {2017-03-26},
  year = {2017},
  file = {:./references/bluetooth-resources-intro-to-bluetooth-gap-gatt-.html:html},
  url = {https://www.bluetooth.com/bluetooth-resources/intro-to-bluetooth-gap-gatt/},
  urldate = {2023-08-05}
}

@Online {intro_ble,
  title = {Introduction to Bluetooth Low Energy | Adafruit Learning System},
  date = {2023-08-05},
  year = {2023},
  file = {:./references/introduction-to-bluetooth-low-energy-gatt.html:html},
  url = {https://learn.adafruit.com/introduction-to-bluetooth-low-energy/gatt},
  urldate = {2023-08-05}
}

@Online {intro_sharedpref,
  title = {Save simple data with SharedPreferences  |  Android Developers},
  date = {2023-04-12},
  year = {2023},
  file = {:./references/training-data-storage-shared-preferences.html:html},
  url = {https://developer.android.com/training/data-storage/shared-preferences},
  urldate = {2023-08-05}
}

@Online {ci_cd_intro,
  title = {What is CI/CD? | GitLab},
  date = {2023-08-07},
  year = {2023},
  file = {:./references/topics-ci-cd-.html:html},
  url = {https://about.gitlab.com/topics/ci-cd/},
  urldate = {2023-08-07}
}

@Online {flutter_performance,
  title = {Flutter performance profiling | Flutter},
  date = {2023-08-08},
  year = {2023},
  file = {:./references/perf-ui-performance.html:html},
  url = {https://docs.flutter.dev/perf/ui-performance},
  urldate = {2023-08-08}
}

@Online {ref_thay_Dzung,
  title = {Chuyện 1 bệnh nhân COVID-19 không chịu “nằm không”},
  date = {2023-08-09},
  year = {2023},
  author = {https://giadinh.suckhoedoisong.vn},
  file = {:./references/chuyen-1-benh-nhan-covid-19-khong-chiu-nam-khong-172200529023020767.htm.html:html},
  url = {https://giadinh.suckhoedoisong.vn/chuyen-1-benh-nhan-covid-19-khong-chiu-nam-khong-172200529023020767.htm},
  urldate = {2023-08-09}
}
@Online {adminjs_1,
  title = {AdminJS - AdminJS},
  date = {2023-08-08},
  year = {2023},
  file = {:./references/.html:html},
  url = {https://docs.adminjs.co/},
  urldate = {2023-08-08}
}

@Online {nodejs_1,
  title = {The benefits of Node.js for web application development?},
  date = {2022-12-18},
  year = {2022},
  author = {Team TIS},
  file = {:./references/blog-why-should-you-choose-node-js-for-web-app-development-project-.html:html},
  url = {https://www.tisdigitech.com/blog/why-should-you-choose-node-js-for-web-app-development-project/},
  urldate = {2023-08-08}
}

@Online {nodejs_2,
  title = {What Is Node.js and Why you should use it - Academy SMART},
  date = {2023-07-24},
  year = {2023},
  author = {Iryna Kurkina},
  file = {:./references/what-is-node-js-and-why-you-should-use-it-.html:html},
  url = {https://academysmart.com/what-is-node-js-and-why-you-should-use-it/},
  urldate = {2023-08-08}
}

@Online {js_1,
  title = {JavaScript Ecosystem Overview},
  date = {2016-12-20},
  year = {2016},
  file = {:./references/blog-a-javascript-ecosystem-overview-.html:html},
  url = {https://www.imaginarycloud.com/blog/a-javascript-ecosystem-overview/},
  urldate = {2023-08-08}
}

@Online {js_2,
  title = {What is Asynchronous JavaScript and XML (AJAX)?},
  date = {2023-08-08},
  year = {2023},
  file = {:./references/definition-Ajax-Asynchronous-JavaScript-and-XML.html:html},
  url = {https://www.theserverside.com/definition/Ajax-Asynchronous-JavaScript-and-XML},
  urldate = {2023-08-08}
}


@Online {mysql_1,
  title = {About: MySQL},
  date = {2023-08-08},
  year = {2023},
  file = {:./references/page-MySQL_AB.html:html},
  url = {https://dbpedia.org/page/MySQL_AB},
  urldate = {2023-08-08}
}

@Online {myql_2,
  title = {What is MySQL ? | Definition from TechTarget},
  date = {2023-08-08},
  year = {2023},
  file = {:./references/searchoracle-definition-MySQL.html:html},
  url = {https://www.techtarget.com/searchoracle/definition/MySQL},
  urldate = {2023-08-08}
}

@Online {postman_1,
  title = {What is Postman (A Tutorial for Beginners)},
  date = {2023-04-15},
  year = {2023},
  file = {:./references/blog-what-is-postman-.html:html},
  url = {https://apidog.com/blog/what-is-postman/},
  urldate = {2023-08-08}
}